2096 2880
854 111 1351 166 INDEX

253 196 368 236 Dives
387 195 567 237 Indostus.

254 248 399 285 Divinae
416 250 550 286 nuncia
567 248 674 300 pacis.

254 298 432 336 Domitor
453 299 526 336 irae.

251 348 397 386 Domus
414 347 577 386 fidissima
592 346 724 385 custos.

252 418 369 430 ——
395 399 543 450 optima.

250 447 414 485 Duabus.

247 497 365 534 Ducit
387 501 420 534 &
441 496 573 534 excitat
591 507 736 548 agmen.

252 547 533 587 DuiloresDeo.

249 596 423 634 Dulcedo
443 609 502 633 me
521 595 682 634 attrahit.

389 646 547 683 occulta.

248 696 372 733 Dulce
395 699 430 733 &
454 696 642 733 decorum.

250 747 391 783 Dulces
411 758 575 783 amorum
594 744 740 784 infidias.

248 796 387 833 Dulces
409 798 563 833 exuviae.

245 846 349 883 Dum
371 846 455 883 colo
476 847 661 883 foeminam
685 845 756 883 hoc
779 844 840 882 fio.

252 917 369 928 —-—
395 896 534 933 detinet
554 897 684 933 imber.

245 968 362 979 ——-
390 946 533 983 luceam
552 958 710 996 peream.

245 995 347 1033 Dum
373 1010 514 1033 memor
532 995 605 1046 ipse
629 999 714 1032 mei.

247 1068 364 1079 -——
390 1043 546 1097 placeam
570 1056 727 1096 peream.

247 1117 362 1128 ———
387 1099 482 1147 spiro
499 1098 613 1148 spem.

244 1145 352 1183 Duos
371 1145 521 1184 sestatur
541 1157 709 1183 neutrum
731 1144 837 1194 capit.

242 1195 347 1232 Dura
369 1196 493 1234 solatia
514 1196 624 1234 casus.

243 1245 433 1284 Duritiem
454 1260 590 1297 quaero.

241 1295 368 1333 Durus
390 1309 541 1345 uterque
561 1297 676 1334 labor.

241 1343 333 1383 Dux
351 1347 390 1383 in
406 1347 524 1385 hostes
541 1348 674 1397 pariter
692 1347 727 1383 δε
746 1344 909 1396 clypeus-

635 1435 676 1474 E.

243 1535 292 1595 E
313 1529 428 1578 parvis
446 1528 590 1580 grandis
609 1541 770 1568 acervus.

303 1579 444 1628 Ecquid
462 1593 538 1616 non
556 1581 676 1630 potest
696 1594 813 1619 amor.

236 1628 395 1666 Efferam
411 1641 472 1666 aur
489 1633 659 1667 referam.

239 1678 372 1716 Elevor
390 1680 451 1716 ubi
473 1679 679 1718 consumor.

237 1728 346 1780 Elige
365 1729 465 1779 quod
485 1729 589 1768 velis.

238 1778 390 1830 Eligite.

238 1830 379 1867 Eodem
405 1831 491 1880 igne
510 1830 662 1870 urimur.

238 1879 322 1917 Este
343 1879 463 1918 duces.

238 1929 300 1966 Est
318 1929 525 1967 immortale
545 1931 646 1982 quod
667 1944 767 1983 opto.

239 1979 286 2016 Et
305 1980 431 2017 altiora
451 1993 557 2030 cogo,

239 2029 287 2065 Et
304 2031 436 2066 annosa
455 2033 593 2080 capitur
611 2031 751 2083 vulpes.

239 2100 355 2114 ....-...
379 2091 478 2129 aquae
499 2080 558 2115 fax
581 2082 644 2118 est.

238 2151 353 2163 ——.
386 2129 465 2166 data
483 2129 613 2167 reddit.

239 2200 354 2212 —-
382 2192 425 2216 ex
445 2191 567 2229 ungue
589 2183 622 2217 δε
644 2193 688 2217 ex
712 2179 798 2219 sole.

240 2249 356 2263 ·-—-.
382 2229 619 2266 ferociffimos
637 2232 759 2267 vinco.

239 2300 357 2312 ᾖ.
379 2279 542 2316 fulminis
561 2279 722 2317 veloci-nr
744 2280 828 2318 ic'tu.

239 2350 356 2362 --
385 2329 509 2378 juviffe
533 2342 656 2366 nocer.

237 2398 353 2412 -—-
378 2392 447 2416 nos
468 2379 633 2417 cedamus
651 2382 779 2419 amori.

237 2449 353 2461 ·—-
378 2431 494 2479 parvis
509 2429 568 2466 sua
589 2431 639 2466 vis
659 2431 721 2468 est.

238 2477 285 2512 Et
305 2478 576 2527 profundissima
596 2492 762 2531 quaeque.

236 2526 283 2562 Et
299 2528 366 2566 soli
395 2532 428 2567 &
451 2531 569 2567 marti.

233 2576 351 2615 Etiam
373 2579 610 2620 ferocissimos
626 2579 777 2622 domari.

236 2628 373 2668 Evertit
393 2632 427 2670 &
449 2642 565 2681 aequat
664 2633 670 2636 ”
772 2629 778 2632 ’

995 212 1071 247 494

995 256 1071 295 769

999 309 1071 336 110

997 351 1072 386 280

996 404 1072 445 556

997 453 1066 485 162

992 509 1068 545 457

999 559 1071 598 ¹39

997 610 1073 649 334

997 660 1067 695 471

996 709 1018 742 7
1048 712 1071 744 9

995 750 1068 785 682

996 810 1068 847 323

999 851 1069 898 831

1001 909 1068 948 593

995 959 1067 996 345

995 1003 1067 1045 697

1021 1061 1070 1098 30

1022 1106 1071 1135 16

995 1161 1069 1198 739

992 1204 1069 1247 316

993 1260 1061 1294 195

991 1308 1061 1346 537

1016 1358 1062 1391 17

991 1546 1063 1582 412

990 1597 1065 1630 709

989 1640 1066 1681 246

991 1696 1064 1730 219

986 1736 1061 1772 688

985 1792 1074 1833 2-62-

982 1841 1063 1880 756

987 1895 1055 1934 143

982 1947 1052 1984 373

975 2037 1051 2078 658

987 2085 1057 2121 8⁷18

985 2140 1055 2184 693

987 2194 1054 2231 513

983 2237 1059 2279 696

980 2290 1058 2329 406

982 2345 1056 2379 290

979 2394 1054 2433 730

981 2443 1050 2478 595

981 2494 1053 2529 ²09

980 2542 1050 2579 197

975 2644 1048 2681 447

1121 194 1252 233 Evexit
1271 190 1315 230 ad
1333 190 1466 231 aethera
1487 194 1617 234 virtus.'

1125 246 1178 282 Ex
1197 241 1389 282 dulcedine
1410 245 1625 285 amaritudo.

1125 296 1179 332 Ex
1202 293 1341 331 duobus
1361 305 1489 333 unum.

1125 346 1178 382 Ex
1200 343 1349 382 fascibus
1368 342 1492 383 fasces.

1125 396 1179 432 Ex
1201 392 1339 431 lumine
1358 392 1450 431 Solis

1124 446 1178 483 Ex
1199 443 1360 495 pondere
1377 454 1512 483 motus.

1125 496 1178 532 Ex
1196 493 1300 544 pulsu
1318 493 1489 532 noscitur.

1128 546 1180 582 Ex
1203 543 1269 582 {itu
1293 541 1440 580 infelix.

1125 596 1288 632 Excaecat
1308 593 1457 631 candor.

1127 644 1397 683 Existimatione
1413 644 1509 681 nixa.

1126 695 1255 732 Exitus
1274 695 1313 730 in
1330 693 1441 730 dubio
1463 694 1527 735 est.

1125 743 1350 783 Exlaturatus
1369 746 1549 782 aerumnIS.

1522 844 1565 881 F.

1132 931 1227 1002 FAc
1245 930 1383 968 solvere
1403 931 1513 969 nulli.

1174 981 1300 1018 Facilis
1321 981 1496 1032 ingressus
1516 980 1674 1021 difficilis
1696 983 1828 1022 exitus.

1127 1028 1226 1067 Facit
1248 1029 1387 1069 occafio
1406 1031 1541 1071 furem.

1126 1079 1274 1119 Falleris
1290 1082 1426 1132 opime.

1124 1129 1298 1169 Fallimur
1320 1133 1508 1182 opinione.

1122 1179 1266 1218 Famam
1288 1181 1425 1219 servare
1444 1195 1653 1223 memento..

1121 1229 1228 1269 Fama
1248 1242 1371 1269 nocet.

1118 1279 1205 1317 Fara
1229 1283 1324 1317 viam
1345 1281 1547 1320 invenient.

1120 1329 1214 1366 Fatis
1232 1331 1409 1368 contraria
1426 1331 1510 1368 fata.

1119 1379 1287 1418 Faustum
1309 1379 1488 1431 praeHum.

1119 1429 1256 1468 Felices
1273 1430 1422 1468 inchoat
1448 1443 1581 1470 annos.

1119 1480 1222 1518 Felix
1241 1490 1358 1518 morte
1379 1482 1450 1518 sua.

1118 1531 1322 1569 Ferendum
1341 1533 1376 1568 &
1396 1530 1621 1582 sperandum.

1119 1581 1199 1618 Feri
1220 1595 1350 1619 omnes
1369 1579 1395 1618 fi
1411 1593 1489 1619 non
1508 1577 1669 1621 destruis.

1117 1631 1229 1669 Ferro
1249 1635 1285 1670 &
1303 1638 1403 1670 auro.

1118 1682 1201 1718 Fert
1218 1683 1343 1720 omnia
1361 1683 1496 1720 secum.

1117 1731 1257 1770 Festina
1277 1732 1388 1771 lente.

1116 1782 1204 1820 Fide
1223 1786 1258 1821 &
1274 1782 1409 1822 diffide.

1114 1854 1230 1866 ·—-
1259 1836 1293 1871 ὃ(
1312 1834 1474 1873 consilio.

1115 1882 1249 1921 Fidelis
1271 1883 1411 1922 dustor.

1113 1954 1228 1966 —-—
1256 1936 1291 1970 &
1311 1933 1482 1974 secretus.

1110 1982 1235 2019 Fidem
1259 1983 1324 2019 fati
1348 1985 1481 2022 virtute
1500 1984 1703 2035 sequemur.

1108 2032 1233 2069 Fidem
1252 2033 1397 2070 servabo
1415 2034 1618 2085 genusque.

1115 2082 1214 2119 Finis
1235 2095 1386 2120 coronat
1408 2098 1515 2134 opus.

1115 2131 1283 2182 Finisque
1301 2133 1344 2170 ab
1365 2135 1507 2185 origine
1528 2133 1674 2185 pendet.

1114 2182 1292 2219 Flammas
1311 2184 1516 2236 exstinguo.

1112 2232 1341 2270 Flammescit
1362 2244 1528 2285 uterque.

1113 2283 1279 2320 Formosa
1299 2282 1462 2334 superne.

1111 2333 1258 2370 Fortior
1281 2333 1332 2370 est
1350 2346 1464 2372 amor.

1111 2404 1227 2416 ——-
1255 2382 1389 2433 spoliis.

1108 2434 1300 2470 Fortitudo
1322 2432 1402 2482 ejus
1421 2432 1595 2471 Rhodum
1616 2434 1746 2471 tenuit.

1109 2484 1266 2520 Fortuna
1283 2495 1417 2520 caecum
1441 2482 1552 2523 efficit
1572 2495 1746 2523 amorem.

1107 2533 1303 2569 Fortunam
1321 2544 1396 2570 arte
1417 2535 1523 2584 regit.

1108 2583 1258 2620 Fructus
1279 2583 1318 2620 in
1340 2594 1518 2636 tempore.

1110 2633 1252 2674 Frustra
1271 2633 1424 2674 obstant.

1497 1739 1580 1773 161.
1611 1737 1699 1779 167.
1728 1736 1817 1784 383.
1843 1736 1932 1782 489.

1727 1787 1815 1831 289.
1846 1788 1934 1831 588.

1859 1847 1933 1882 502

1854 1897 1931 1934 704

1852 1948 1923 1985 393

1852 1991 1929 2023 160

1857 2042 1930 2081 567

1857 2097 1928 2136 103

1854 2139 1930 2182 615

1845 2196 1927 2232 475

1854 2240 1928 2282 629

1856 2295 1930 2330 577

1851 2338 1927 2384 368

1845 2395 1916 2430 575

1852 2444 1926 2480 140

1850 2489 1927 2530 674

1847 2537 1925 2580 408

1852 2594 1926 2629 519

1853 2641 1925 2676 μς
1992 2657 2001 2665 .

1816 2682 1926 2732 Fugit
